@ARTICLE{early_est,
	author = {{Read}, J.~M. and {Bridgen}, J.~R.~E. and {Cummings}, D.~A.~T. and {Antonia}, H. and {Jewell}, C.~P.},
	title = {Novel coronavirus 2019-nCoV: early estimation of epidemiological parameters and epidemic predictions},
	elocation-id = {2020.01.23.20018549},
	year = {2020},
	doi = {10.1101/2020.01.23.20018549},
	URL = {https://www.medrxiv.org/content/early/2020/01/28/2020.01.23.20018549},
	journal = {medRxiv}
}

@article{pre_est,
	author = {Shi Zhao and Lin Qianyin and Ran Jinjun and {Musa} S. ~S. and Yang Guangpu and Wang Weiming and Lou Yijun and Gao Daozhou and Yang Lin and He Daihai and Wang Maggie H},
	title = {Preliminary estimation of the basic reproduction number of novel coronavirus (2019-nCoV) in China, from 2019 to 2020: A data-driven analysis in the early phase of the outbreak},
	elocation-id = {2020.01.23.916395},
	year = {2020},
	doi = {10.1101/2020.01.23.916395},
	publisher = {Cold Spring Harbor Laboratory},
	URL = {https://www.biorxiv.org/content/early/2020/01/29/2020.01.23.916395},
	journal = {bioRxiv}
}

@article {city_closure,
	author = {Ai Siqi and Zhu Guanghu and Tian Fei and Li Huan and Gao Yuan and Wu Yinglin and Liu Qiyong and Lin Hualiang},
	title = {Population movement, city closure and spatial transmission of the 2019-nCoV infection in China},
	elocation-id = {2020.02.04.20020339},
	year = {2020},
	doi = {10.1101/2020.02.04.20020339},
	publisher = {Cold Spring Harbor Laboratory Press},
	URL = {https://www.medrxiv.org/content/early/2020/02/05/2020.02.04.20020339},
	journal = {medRxiv}
}

@article{trans_risk,
	author = {Tang Biao and Wang Xia and Li Qian and {Bragazzi} N. ~L. and Tang Sanyi and Xiao Yanni and Wu Jianhong},
	title = {Estimation of the Transmission Risk of 2019-nCov and Its Implication for Public Health Interventions},
	year = {2020},
	publisher = {Cold Spring Harbor Laboratory},
	URL = {https://ssrn.com/abstract=3525558},
	journal = {SSRN}
}

@article {inc_1,
	author = {Lauer, Stephen A and Grantz, Kyra H and Bi, Qifang and Jones, Forrest K and Zheng, Qulu and Meredith, Hannah and Azman, Andrew S and Reich, Nicholas G and Lessler, Justin},
	title = {The incubation period of 2019-nCoV from publicly reported confirmed cases: estimation and application},
	elocation-id = {2020.02.02.20020016},
	year = {2020},
	doi = {10.1101/2020.02.02.20020016},
	publisher = {Cold Spring Harbor Laboratory Press},
	URL = {https://www.medrxiv.org/content/early/2020/02/04/2020.02.02.20020016},
	journal = {medRxiv}
}

@article {inc_2,
	author = {Backer, Jantien A. and Klinkenberg, Don and Wallinga, Jacco},
	title = {The incubation period of 2019-nCoV infections among travellers from Wuhan, China},
	elocation-id = {2020.01.27.20018986},
	year = {2020},
	doi = {10.1101/2020.01.27.20018986},
	publisher = {Cold Spring Harbor Laboratory Press},
	URL = {https://www.medrxiv.org/content/early/2020/01/30/2020.01.27.20018986},
	journal = {medRxiv}
}

@article {inc_3,
	author = {Liu, Tao and Hu, Jianxiong and Kang, Min and Lin, Lifeng and Zhong, Haojie and Xiao, Jianpeng and He, Guanhao and Song, Tie and Huang, Qiong and Rong, Zuhua and Deng, Aiping and Zeng, Weilin and Tan, Xiaohua and Zeng, Siqing and Zhu, Zhihua and Li, Jiansen and Wan, Donghua and Lu, Jing and Deng, Huihong and He, Jianfeng and Ma, Wenjun},
	title = {Transmission dynamics of 2019 novel coronavirus (2019-nCoV)},
	elocation-id = {2020.01.25.919787},
	year = {2020},
	doi = {10.1101/2020.01.25.919787},
	publisher = {Cold Spring Harbor Laboratory},
	URL = {https://www.biorxiv.org/content/early/2020/01/26/2020.01.25.919787},
	journal = {bioRxiv}
}

@misc{data_github,
AUTHOR = {globalcitizen},
TITLE = {2019-wuhan-coronavirus-data},
URL = {https://github.com/globalcitizen/2019-wuhan-coronavirus-data}
}

@ARTICLE{SI_model_origin,
       author = {{Kermack}, W.~O. and {McKendrick}, A.~G.},
        title = "{A Contribution to the Mathematical Theory of Epidemics}",
      journal = {Proceedings of the Royal Society of London Series A},
         year = "1927",
        month = "Aug",
       volume = {115},
       number = {772},
        pages = {700-721},
          doi = {10.1098/rspa.1927.0118},
}